
@inproceedings{Gulw11,
  author    = {Sumit Gulwani},
  editor    = {Thomas Ball and
               Mooly Sagiv},
  title     = {Automating string processing in spreadsheets using input-output examples},
  booktitle = {Proceedings of the 38th {ACM} {SIGPLAN-SIGACT} Symposium on Principles
               of Programming Languages, {POPL} 2011, Austin, TX, USA, January 26-28,
               2011},
  pages     = {317--330},
  publisher = {{ACM}},
  year      = {2011},
  url       = {https://doi.org/10.1145/1926385.1926423},
  doi       = {10.1145/1926385.1926423},
  timestamp = {Tue, 06 Nov 2018 11:07:44 +0100},
  biburl    = {https://dblp.org/rec/conf/popl/Gulwani11.bib},
  bibsource = {dblp computer science bibliography, https://dblp.org}
}

@article{MiltnerMFPWZ19,
  author    = {Anders Miltner and
               Solomon Maina and
               Kathleen Fisher and
               Benjamin C. Pierce and
               David Walker and
               Steve Zdancewic},
  title     = {Synthesizing symmetric lenses},
  journal   = {{PACMPL}},
  volume    = {3},
  number    = {{ICFP}},
  pages     = {95:1--95:28},
  year      = {2019},
  url       = {https://doi.org/10.1145/3341699},
  doi       = {10.1145/3341699},
  timestamp = {Mon, 21 Oct 2019 15:15:21 +0200},
  biburl    = {https://dblp.org/rec/journals/pacmpl/MiltnerMFPWZ19.bib},
  bibsource = {dblp computer science bibliography, https://dblp.org}
}