@article{resugaring,
	author = {Pombrio, Justin and Krishnamurthi, Shriram},
	title = {Resugaring: Lifting Evaluation Sequences through Syntactic Sugar},
	year = {2014},
	issue_date = {June 2014},
	publisher = {Association for Computing Machinery},
	address = {New York, NY, USA},
	volume = {49},
	number = {6},
	issn = {0362-1340},
	url = {https://doi.org/10.1145/2666356.2594319},
	doi = {10.1145/2666356.2594319},
	journal = {SIGPLAN Not.},
	month = jun,
	pages = {361–371},
	numpages = {11},
	keywords = {resugaring, programming languages, syntactic sugar, macros, debugging, evaluation}
}
@article{hygienic,
	author = {Pombrio, Justin and Krishnamurthi, Shriram},
	title = {Hygienic Resugaring of Compositional Desugaring},
	year = {2015},
	issue_date = {September 2015},
	publisher = {Association for Computing Machinery},
	address = {New York, NY, USA},
	volume = {50},
	number = {9},
	issn = {0362-1340},
	url = {https://doi.org/10.1145/2858949.2784755},
	doi = {10.1145/2858949.2784755},
	journal = {SIGPLAN Not.},
	month = aug,
	pages = {75–87},
	numpages = {13},
	keywords = {resugaring, hygiene, abstract syntax DAG, syntactic sugar}
}

@article{resugaringtype,
	author = {Pombrio, Justin and Krishnamurthi, Shriram},
	title = {Inferring Type Rules for Syntactic Sugar},
	year = {2018},
	issue_date = {April 2018},
	publisher = {Association for Computing Machinery},
	address = {New York, NY, USA},
	volume = {53},
	number = {4},
	issn = {0362-1340},
	url = {https://doi.org/10.1145/3296979.3192398},
	doi = {10.1145/3296979.3192398},
	journal = {SIGPLAN Not.},
	month = jun,
	pages = {812–825},
	numpages = {14},
	keywords = {Resugaring, Syntactic Sugar, Programming Languages, Macros, Type Systems}
}

@article{resugaringscpoe,
	author = {Pombrio, Justin and Krishnamurthi, Shriram and Wand, Mitchell},
	title = {Inferring Scope through Syntactic Sugar},
	year = {2017},
	issue_date = {September 2017},
	publisher = {Association for Computing Machinery},
	address = {New York, NY, USA},
	volume = {1},
	number = {ICFP},
	url = {https://doi.org/10.1145/3110288},
	doi = {10.1145/3110288},
	journal = {Proc. ACM Program. Lang.},
	month = aug,
	articleno = {44},
	numpages = {28},
	keywords = {syntactic sugar, Scope, binding}
}



@book{SEwPR,
	author = {Felleisen, Matthias and Findler, Robert Bruce and Flatt, Matthew},
	title = {Semantics Engineering with PLT Redex},
	year = {2009},
	isbn = {0262062755},
	publisher = {The MIT Press},
	edition = {1st}
}

@inproceedings{frommacro,
	author    = {Ryan Culpepper and
	Matthias Felleisen and
	Matthew Flatt and
	Shriram Krishnamurthi},
	editor    = {Benjamin S. Lerner and
	Rastislav Bod{\'{\i}}k and
	Shriram Krishnamurthi},
	title     = {From Macros to DSLs: The Evolution of Racket},
	booktitle = {3rd Summit on Advances in Programming Languages, {SNAPL} 2019, May
	16-17, 2019, Providence, RI, {USA}},
	series    = {LIPIcs},
	volume    = {136},
	pages     = {5:1--5:19},
	publisher = {Schloss Dagstuhl - Leibniz-Zentrum f{\"{u}}r Informatik},
	year      = {2019},
	url       = {https://doi.org/10.4230/LIPIcs.SNAPL.2019.5},
	doi       = {10.4230/LIPIcs.SNAPL.2019.5},
	timestamp = {Tue, 11 Feb 2020 15:52:14 +0100},
	biburl    = {https://dblp.org/rec/conf/snapl/CulpepperFFK19.bib},
	bibsource = {dblp computer science bibliography, https://dblp.org}
}


@article{racket,
	author = {Flatt, Matthew},
	title = {Creating Languages in Racket},
	year = {2012},
	issue_date = {January 2012},
	publisher = {Association for Computing Machinery},
	address = {New York, NY, USA},
	volume = {55},
	number = {1},
	issn = {0001-0782},
	url = {https://doi.org/10.1145/2063176.2063195},
	doi = {10.1145/2063176.2063195},
	journal = {Commun. ACM},
	month = jan,
	pages = {48–56},
	numpages = {9}
}
@article{SKI,
	ISSN = {00029327, 10806377},
	URL = {http://www.jstor.org/stable/2370619},
	author = {H. B. Curry},
	journal = {American Journal of Mathematics},
	number = {3},
	pages = {509--536},
	publisher = {Johns Hopkins University Press},
	title = {Grundlagen der Kombinatorischen Logik},
	volume = {52},
	year = {1930}
}

@article{PLOTKIN,
	title = "Call-by-name, call-by-value and the λ-calculus",
	journal = "Theoretical Computer Science",
	volume = "1",
	number = "2",
	pages = "125 - 159",
	year = "1975",
	issn = "0304-3975",
	doi = "https://doi.org/10.1016/0304-3975(75)90017-1",
	url = "http://www.sciencedirect.com/science/article/pii/0304397575900171",
	author = "G.D. Plotkin"
}

@article{reduction,
	author = {Felleisen, Matthias and Hieb, Robert},
	title = {The Revised Report on the Syntactic Theories of Sequential Control and State},
	year = {1992},
	issue_date = {14 Sept. 1992},
	publisher = {Elsevier Science Publishers Ltd.},
	address = {GBR},
	volume = {103},
	number = {2},
	issn = {0304-3975},
	url = {https://doi.org/10.1016/0304-3975(92)90014-7},
	doi = {10.1016/0304-3975(92)90014-7},
	journal = {Theor. Comput. Sci.},
	month = sep,
	pages = {235–271},
	numpages = {37}
}

@book{mathlogic,
	title={A Beginner's Further Guide to Mathematical Logic: Principles and Applications (with Companion Media Pack)Fourth Edition of Rapid Prototyping Fourth Edition},
	author={Smullyan, R.},
	isbn={9789814733014},
	url={https://books.google.com/books?id=tFEyDwAAQBAJ},
	year={2016},
	publisher={World Scientific Publishing Company}
}

@book{scala,
	author = {Wampler, Dean and Payne, Alex},
	title = {Programming Scala: Scalability = Functional Programming + Objects},
	year = {2014},
	isbn = {1491949856},
	publisher = {O’Reilly Media, Inc.},
	edition = {2nd}
}

@inproceedings{sugarj,
	title={SugarJ: library-based syntactic language extensibility},
	author={Erdweg, Sebastian and Rendel, Tillmann and K{\"a}stner, Christian and Ostermann, Klaus},
	booktitle={Proceedings of the 2011 ACM international conference on Object oriented programming systems languages and applications},
	pages={391--406},
	year={2011}
}

@book{dsl,
	title={Domain-Specific Languages},
	author={Fowler, M.},
	isbn={9780131392809},
	series={Addison-Wesley Signature Series (Fowler)},
	url={https://books.google.com.hk/books?id=ri1muolw\_YwC},
	year={2010},
	publisher={Pearson Education}
}

@article{landin,
	author = {Landin, P. J.},
	title = "{The Mechanical Evaluation of Expressions}",
	journal = {The Computer Journal},
	volume = {6},
	number = {4},
	pages = {308-320},
	year = {1964},
	month = {01},
	issn = {0010-4620},
	doi = {10.1093/comjnl/6.4.308},
	url = {https://doi.org/10.1093/comjnl/6.4.308},
	eprint = {https://academic.oup.com/comjnl/article-pdf/6/4/308/1067901/6-4-308.pdf},
}


@article{regexp,
	author = {Thompson, Ken},
	title = {Programming Techniques: Regular Expression Search Algorithm},
	year = {1968},
	issue_date = {June 1968},
	publisher = {Association for Computing Machinery},
	address = {New York, NY, USA},
	volume = {11},
	number = {6},
	issn = {0001-0782},
	url = {https://doi.org/10.1145/363347.363387},
	doi = {10.1145/363347.363387},
	journal = {Commun. ACM},
	month = jun,
	pages = {419–422},
	numpages = {4},
	keywords = {search, match, regular expression}
}

@book{sql,
	author = {Date, C. J. and Darwen, Hugh},
	title = {A Guide to the SQL Standard (4th Ed.): A User’s Guide to the Standard Database Language SQL},
	year = {1997},
	isbn = {0201964260},
	publisher = {Addison-Wesley Longman Publishing Co., Inc.},
	address = {USA}
}

@article{xml,
	author = {Textuality, Tim},
	year = {2000},
	month = {11},
	pages = {},
	title = {Extensible Markup Language (XML) 1.0 (Second Edition)},
	journal = {W3C Rec.}
}

@article{structural,
	author = {Plotkin, Gordon},
	year = {2004},
	month = {07},
	pages = {17-139},
	title = {A Structural Approach to Operational Semantics},
	volume = {60-61},
	journal = {J. Log. Algebr. Program.},
	doi = {10.1016/j.jlap.2004.05.001}
}

@article{churchrosser,
	ISSN = {00029947},
	URL = {http://www.jstor.org/stable/1989762},
	author = {Alonzo Church and J. B. Rosser},
	journal = {Transactions of the American Mathematical Society},
	number = {3},
	pages = {472--482},
	publisher = {American Mathematical Society},
	title = {Some Properties of Conversion},
	volume = {39},
	year = {1936}
}


